@article{Shu2017,
  author    = {Kai Shu and Amy Sliva and Suhang Wang and Jiliang Tang and Huan Liu},
  title     = {Fake News Detection on Social Media: A Data Mining Perspective},
  journal   = {ACM SIGKDD Explorations Newsletter},
  volume    = {19},
  number    = {1},
  pages     = {22--36},
  year      = {2017},
  doi       = {10.1145/3137597.3137600}
}

@article{Zhang2024,
  author    = {Xuan Zhang and Wei Gao and others},
  title     = {{GNN-FakeNews}: Graph Neural Networks for Fake News Detection},
  journal   = {arXiv preprint},
  volume    = {arXiv:2401.00000},
  year      = {2024}
}

@article{SanchezLengeling2021,
  author    = {Benjamin Sanchez-Lengeling and Emily Reif and Adam Pearce and Alexander B. Wiltschko},
  title     = {A Gentle Introduction to Graph Neural Networks},
  journal   = {Distill},
  year      = {2021},
  doi       = {10.23915/distill.00033},
  note      = {https://distill.pub/2021/gnn-intro}
}

@article{Vosoughi2018,
  author    = {Soroush Vosoughi and Deb Roy and Sinan Aral},
  title     = {The spread of true and false news online},
  journal   = {Science},
  volume    = {359},
  number    = {6380},
  pages     = {1146--1151},
  year      = {2018},
  doi       = {10.1126/science.aap9559}
}
